@online{7-segment,
    author = {Electronics Tutorials},
    title = {7-segment Display},
    url = {https://www.electronics-tutorials.ws/blog/7-segment-display-tutorial.html},
    note = {Accessed on \today},
}

@online{7-segment-decoder,
    author = {Electricity â€“ Magnetism},
    title = {7-segment Display Decoder},
    url = {https://www.electricity-magnetism.org/7-segment-display-decoder},
    note = {Accessed on \today},
}

@online{CD4511B,
    author = {Harris Semiconductor},
    title = {CMOS BCD-to-7-Segment Latch Decoder Drivers datasheet (Rev. B)},
    year = {27 June 2003},
    url = "https://www.ti.com/lit/gpn/cd4511b",
}

@online{labmanual,
  author = {Hacettepe University},
  year = {2023},
  title = {BBM233 Digital Design Lab Experiment 1 - Basic Logic Gates},
}
