@article{citation_key,
    author = {Author, A. and Writer, B.},
    title = {Title of the Article},
    journal = {Journal Name},
    year = {2022},
    volume = {X},
    number = {Y},
    pages = {Z-Z},
    doi = {doi_number},
    url = {URL}
}